




@article{doi:10.1146/annurev.biochem.72.121801.161720,
author = { Douglas L. Black},
title = {Mechanisms of Alternative Pre-Messenger RNA Splicing},
journal = {Annual Review of Biochemistry},
volume = {72},
number = {1},
pages = {291-336},
year = {2003},
doi = {10.1146/annurev.biochem.72.121801.161720},
    note ={PMID: 12626338},

URL = { 
        http://dx.doi.org/10.1146/annurev.biochem.72.121801.161720
    
},
eprint = { 
        http://dx.doi.org/10.1146/annurev.biochem.72.121801.161720
    
}

}


