@Article{TRSG,
  title="Translation, rotation, and scale-invariant object recognition",
  author="L. A. Torres-Mendez and J. C. Ruiz-Suárez and L. E. Sucar and G. Gómez",
  journal =	"IEEE Transactions on Systems, Man, and Cybernetics, Part C",
  year = 	"2000",
  number =	"1",
  volume =	"30",
  pages =	"125--130",
}

@Book{Sou92,
  editor =	"B. Soucek",
  title =	"Fuzzy, Holographic, and Parallel Intelligence: The Sixth-Generation Breakthrough",
  series =	"Sixth Generation Computer Technologies Series",
  pages =	"368",
  publisher =	"John Wiley and Sons",
  address =	"New York",
  year = 	"1992",
}

@Book{CC01,
 author  = {L. F. Costa and R. M. Cesar Jr.},
 title   = {Shape Analysis and Classification: Theory and Practice},
 year    = {2001},
 isbn    = {0849334934},
 publisher={CRC Press, Inc.},
 address = {Boca Raton, FL, USA},
}

@Article{Cas96,
  author  = "R. G. Casey and E. Lecolinet",
  title   = "A Survey of Methods and Strategies in Character Segmentation",
  journal = "IEEE Transactions on Pattern Analysis and Machine Inteligence",
  year    = "1996",
  month   = "July",
  volume  = "18",
  number  = "7",
  pages   = "690--706",
}

@Conference{Fuji92,
  author    = "H. Fujisawa and Y. Nakano and K. Kurino",
  title     = "Segmentation Methods for Character Recognition: From Segmentation to Document Structure Analysis",
  booktitle = "Proc. of the IEEE",
  year      = "1992",
  month     = "July",
  volume    = "80",
  number    = "7",
  page      = "1--5",
}

@Book{CLR,
 author  = {T. H. Cormen and C. E. Leiserson and R. L. Rivest},
 title   = {Introduction to Algorithms},
 year    = {1990},
 publisher={The MIT Press},
}

@InProceedings{Koh95,
 title   = "A Study of Cross-Validation and Bootstrap for Accuracy Estimation and Model Selection",
 author  = "Ron Kohavi",
 year    = "1995",
 booktitle=	"IJCAI",
 pages   = "1137--1145",
}

@book{Bis95,
 author  = {C. M. Bishop},
 title   = {Neural Networks for Pattern Recognition},
 year    = {1995},
 isbn    = {0198538642},
 publisher = {Oxford University Press, Inc.},
 address = {New York, NY, USA},
}

@Book{ET93,
 author  = "B. Efron and R. Tibshirani",
 year    = "1993",
 publisher = "Chapman and Hall, London",
 title   = "An Introduction to the Bootstrap",
}
