@inproceedings{graphml,
  title={GraphML progress report structural layer proposal},
  author={Brandes, Ulrik and Eiglsperger, Markus and Herman, Ivan and Himsolt, Michael and Marshall, M Scott},
  booktitle={Graph Drawing},
  pages={501--512},
  year={2002},
  organization={Springer}
}

@article{gephi,
  title={Gephi: an open source software for exploring and manipulating networks.},
  author={Bastian, Mathieu and Heymann, Sebastien and Jacomy, Mathieu and others},
  journal={ICWSM},
  volume={8},
  pages={361--362},
  year={2009}
}

@inbook{historiaGrafos,
   publisher = "Wikimedia",
   title = "Teoria dos Grafos",
   booktitle = "Wikip\'edia: a enciclop\'edia livre",
   year = "2015",
   url = "\url{https://pt.wikipedia.org/wiki/Teoria_dos_grafos}",
   urlaccessdate = "3 nov. 2015"
 }

@book{learningNeo4j,
   author    = "Rik Van Bruggen",
   title     = "Learning Neo4j",
   year      = "2014",
   publisher = "Packt Publishing Ltd.",
   address   = "35 Livery Street Birmingham B3 2PB, UK"
}

@book{graphDatabases,
   author    = "Ian Robinson, Jim Webber and Emil Eifrem",
   title     = "Graph Databases",
   year      = "2015",
   publisher = "O'Reilly Media",
   address   = "1005 Gravenstein Highway North, Sebastopol, CA 95472"
}

@article{herman,
  title={Graph visualization and navigation in information visualization: A survey},
  author={Herman, Ivan and Melan{\c{c}}on, Guy and Marshall, M Scott},
  journal={Visualization and Computer Graphics, IEEE Transactions on},
  volume={6},
  number={1},
  pages={24--43},
  year={2000},
  publisher={IEEE}
}

@article{goldenberg,
  title={A survey of statistical network models},
  author={Goldenberg, Anna and Zheng, Alice X and Fienberg, Stephen E and Airoldi, Edoardo M},
  journal={Foundations and Trends{\textregistered} in Machine Learning},
  volume={2},
  number={2},
  pages={129--233},
  year={2010},
  publisher={Now Publishers Inc.}
}

@article{japoneses,
  title={Recent Large Graph Visualization Tools: A Review},
  author={Jarukasemratana, Sorn and Murata, Tsuyoshi},
  journal={Information and Media Technologies},
  volume={8},
  number={4},
  pages={944--960},
  year={2013},
  publisher={Information and Media Technologies Editorial Board}
}
